@article{jia2014polynomial,
  title={Polynomial Multiplication and Fast Fourier Transform.â€œ},
  author={Jia, Yan-Bin},
  journal={Com S},
  volume={477},
  pages={577},
  year={2014}
}